<?xml version="1.0" encoding="UTF-8"?><collection xmlns="http://www.loc.gov/MARC21/slim"><record><leader>00548nam--2200193-u-4500</leader><controlfield tag="001">000054588</controlfield><controlfield tag="002">20161230</controlfield><controlfield tag="005">20161230201051</controlfield><controlfield tag="008">120320s1000------------r-----000-0-rus-d</controlfield><datafield ind1=" " ind2=" " tag="040"><subfield code="a">IFIN-HH</subfield></datafield><datafield ind1=" " ind2=" " tag="041"><subfield code="a">rus</subfield></datafield><datafield ind1=" " ind2=" " tag="080"><subfield code="a">539.143:539.163</subfield></datafield><datafield ind1="1" ind2=" " tag="100"><subfield code="a">Djelepov, B.S</subfield></datafield><datafield ind1="1" ind2="0" tag="245"><subfield code="a">Svoistva atomnih iader</subfield><subfield code="b">Vipisk 12. svoistva deformirovannih iader sk=1/2</subfield><subfield code="c">B.s. djelepov, g.f. dranitina, v.m. minhailov</subfield></datafield><datafield ind1=" " ind2=" " tag="260"><subfield code="a">Leningrad</subfield><subfield code="b">Nauka</subfield><subfield code="c">1971</subfield></datafield><datafield ind1=" " ind2=" " tag="300"><subfield code="a">251P</subfield></datafield><datafield ind1="1" ind2=" " tag="700"><subfield code="a">Mihailov, V.M</subfield></datafield><datafield ind1=" " ind2=" " tag="852"><subfield code="a">7201</subfield><subfield code="c">539.14</subfield></datafield><datafield ind1=" " ind2=" " tag="CAT"><subfield code="a">Sys</subfield><subfield code="c">20120320</subfield><subfield code="h">132055</subfield></datafield></record></collection>